<record><leader>00000cas a22000007a 4500</leader><controlfield tag="001">15204663</controlfield><controlfield tag="008">870217d1978198uinuzr ne      0    0eng d</controlfield><datafield ind1=" " ind2=" " tag="010"><subfield code="a">sn 87055398 </subfield></datafield><datafield ind1=" " ind2=" " tag="040"><subfield code="a">NPI</subfield><subfield code="b">eng</subfield><subfield code="c">NPI</subfield><subfield code="d">OCLCQ</subfield></datafield><datafield ind1=" " ind2=" " tag="042"><subfield code="a">msc</subfield></datafield><datafield ind1="0" ind2=" " tag="130"><subfield code="a">Friend (Attica, Ind.)</subfield></datafield><datafield ind1="1" ind2="4" tag="245"><subfield code="a">The friend.</subfield></datafield><datafield ind1=" " ind2=" " tag="260"><subfield code="a">[Attica] Ind. :</subfield><subfield code="b">[s.n.],</subfield><subfield code="c">1978-</subfield></datafield><datafield ind1=" " ind2=" " tag="310"><subfield code="a">Every six weeks,</subfield><subfield code="b">Dec. 20, 1979-</subfield></datafield><datafield ind1=" " ind2=" " tag="321"><subfield code="a">Weekly,</subfield><subfield code="b">1978-June 28, 1979</subfield></datafield><datafield ind1="0" ind2=" " tag="362"><subfield code="a">No. 72 (May 25, 1978)-</subfield></datafield><datafield ind1=" " ind2=" " tag="515"><subfield code="a">Issues for Jan. 31, 1979- unnumbered.</subfield></datafield><datafield ind1=" " ind2=" " tag="752"><subfield code="a">United States</subfield><subfield code="b">Indiana</subfield><subfield code="c">Fountain</subfield><subfield code="d">Attica.</subfield></datafield><datafield ind1="0" ind2="4" tag="780"><subfield code="t">Covington friend</subfield><subfield code="w">(DLC)sn 87055397</subfield></datafield><datafield ind1="0" ind2="4" tag="780"><subfield code="t">Fountain messenger</subfield></datafield><datafield ind1="1" ind2=" " tag="029"><subfield code="a">AU@</subfield><subfield code="b">000005259941</subfield></datafield><datafield ind1="1" ind2=" " tag="029"><subfield code="a">NLGGC</subfield><subfield code="b">32103516X</subfield></datafield></record>